@inproceedings{koehn2004statistical,
  title={Statistical Significance Tests for Machine Translation Evaluation.},
  author={Koehn, Philipp},
  booktitle={EMNLP},
  pages={388--395},
  year={2004}
}
@inproceedings{zhang2004interpreting,
  title={Interpreting BLEU/NIST scores: How much improvement do we need to have a better system?},
  author={Zhang, Ying and Vogel, Stephan and Waibel, Alex},
  booktitle={LREC},
  year={2004}
}
@inproceedings{berg2012empirical,
  title={An empirical investigation of statistical significance in nlp},
  author={Berg-Kirkpatrick, Taylor and Burkett, David and Klein, Dan},
  booktitle={Proceedings of the 2012 Joint Conference on Empirical Methods in Natural Language Processing and Computational Natural Language Learning},
  pages={995--1005},
  year={2012},
  organization={Association for Computational Linguistics}
}
@inproceedings{yeh2000more,
  title={More accurate tests for the statistical significance of result differences},
  author={Yeh, Alexander},
  booktitle={Proceedings of the 18th conference on Computational linguistics-Volume 2},
  pages={947--953},
  year={2000},
  organization={Association for Computational Linguistics}
}
@inproceedings{papineni2002bleu,
  title={BLEU: a method for automatic evaluation of machine translation},
  author={Papineni, Kishore and Roukos, Salim and Ward, Todd and Zhu, Wei-Jing},
  booktitle={Proceedings of the 40th annual meeting on association for computational linguistics},
  pages={311--318},
  year={2002},
  organization={Association for Computational Linguistics}
}
@inproceedings{chinchor1992statistical,
  title={The statistical significance of the MUC-4 results},
  author={Chinchor, Nancy},
  booktitle={Proceedings of the 4th conference on Message understanding},
  pages={30--50},
  year={1992},
  organization={Association for Computational Linguistics}
}
@article{thompson1993use,
  title={The use of statistical significance tests in research: Bootstrap and other alternatives},
  author={Thompson, Bruce},
  journal={The Journal of Experimental Educational},
  pages={361--377},
  year={1993},
  publisher={JSTOR}
}
@inproceedings{bisani2004bootstrap,
  title={Bootstrap estimates for confidence intervals in ASR performance evaluation},
  author={Bisani, Maximilian and Ney, Hermann},
  booktitle={Acoustics, Speech, and Signal Processing, 2004. Proceedings.(ICASSP'04). IEEE International Conference on},
  volume={1},
  pages={I--409},
  year={2004},
  organization={IEEE}
}
@article{serlin1985rationality,
  title={Rationality in psychological research: The good-enough principle.},
  author={Serlin, Ronald C and Lapsley, Daniel K},
  year={1985},
  publisher={American Psychological Association}
}